2810 4864
694 441 712 501 7

283 606 316 650 a.
339 581 652 667 §uruamrurcsn
668 598 694 639 s.
718 571 1203 664 Misenisn1isnn:capsulis

236 706 269 768 in'
285 695 513 788 ..redeptanule'
551 690 716 788 communi
755 690 898 780 stipitete‘
927 692 1113 776 aggregatis.
1157 729 1201 742 .-

233 811 415 903 Ὺεςααῐίὸ”
432 809 607 906 frondosa,
636 831 804 896 nunquam
839 806 963 876 foliosa·
998 846 1041 862 -
1076 807 1203 876 Genera

233 932 431 1014 Lunnlarie,
455 927 651 999 Marchentia
661 921 928 1014 ,Cenocephalus
944 924 1148 1006 ,Fimbraria
1171 938 1204 993 et

232 1047 419 1116 Gnmsteiu.
702 1038 704 1044 ’
743 1063 746 1070 ·

280 1165 312 1230 5.
336 1165 646 1251 menecratum,
675 1187 753 1253 quas
784 1164 900 1231 melius
922 1160 1204 1230 Caueocnuruuin

235 1283 487 1352 vncare''rsllem
512 1303 522 1350 r
545 1280 678 1376 Capsuld
707 1281 848 1354 solitarie
885 1280 1018 1366 bivelri,
1052 1281 1203 1351 columna

233 1399 368 1466 casuali
389 1399 576 1489 persistente
589 1440 601 1484 ,
613 1400 766 1490 operculo
794 1398 907 1484 ento,
925 1395 1112 1467 'seminibus
1131 1397 1203 1462 ela-

232 1515 417 1602 teribusqne
442 1516 650 1584 intermistis.
674 1525 719 1584 τά
740 1513 910 1600 ’Ἶοςοῒαὶίο
933 1511 1088 1582 frondere
1107 1537 1203 1582 nun-

231 1629 331 1714 quam
352 1628 475 1694 foliosa.
492 1667 533 1682 -
549 1631 675 1696 Genera
697 1631 899 1700 Anthoceros
919 1644 952 1696 et
970 1633 1157 1702 Blendevia.

279 1743 824 1834 4.Tsae10u1nnn:rericarpio
865 1745 941 1808 hinc
971 1740 1049 1809 fisso
1084 1741 1200 1813 bivalvi

234 1864 344 1949 sensili,
361 1859 528 1932 columelli
539 1859 636 1929 nulld.
649 1897 692 1912 -
704 1860 872 1948 Vegetatio
894 1857 1044 1928 frondosa
1060 1860 1201 1950 aphylla.

236 2017 279 2030 -
306 1981 431 2047 Genera
452 1980 622 2066 Targionia
647 1991 680 2046 et
703 1977 881 2047 Monoclca.

281 2097 314 2160 5.
338 2094 533 2160 thcracuu:
568 2113 576 2158 :
614 2093 790 2182 Periearpio
824 2095 926 2161 evalui
962 2094 1200 2180 indehiscente,

234 2212 400 2280 elateribus
424 2210 531 2276 nullis.
571 2246 614 2261 --
650 2210 816 2296 Vegetatio
854 2209 1007 2276 frondosa
1047 2208 1201 2300 aphylla,

235 2327 335 2393 thallo
356 2325 537 2392 Lichenum
564 2324 679 2390 affinis.
708 2359 753 2372 -
782 2321 1201 2415 GeneraSphaerocarpns,

238 2437 407 2508 Tessellina
418 2440 545 2528 ‚Rieeia
558 2440 721 2526 ,Ricciella
736 2465 748 2528 3
769 2437 914 2507 Cossinia
925 2452 958 2506 et
969 2441 1200 2536 Brissocarpus.

281 2562 319 2630 ln
329 2561 493 2627 exarando
502 2559 808 2648 praeseutiopusculo
820 2557 852 2622 id
864 2561 1068 2651 potissimum
1077 2573 1201 2651 specta·

236 2679 268 2747 vi
281 2677 670 2764 ‚langermannldearum
680 2699 794 2764 genera
807 2701 824 2742 a
839 2700 891 2743 me
900 2678 1060 2768 proposita
1074 2681 1200 2764 ,denuc

239 2793 435 2879 describere,
454 2795 632 2883 speciesque
652 2813 761 2860 ornnes
780 2795 936 2860 hactends
956 2817 1013 2884 per
1035 2795 1201 2887 Europam

239 2908 413 2999 divulgatae
437 2911 561 2997 singulo
582 2911 688 2996 generi
711 2909 842 2976 referre.
864 2908 936 2977 Non
960 2933 1041 2998 nego
1060 2913 1200 3004 objecta·

238 3027 361 3095 tionem
372 3029 443 3094 lieri
457 3051 572 3118 posse,
587 3028 703 3093 scilicet
716 3025 1021 3113 dungermannldeas
1034 3033 1108 3094 rard
1123 3052 1199 3095 cum

234 3141 348 3209 fructu
358 3144 489 3233 reperiri
500 3191 511 3228 ,
523 3145 608 3209 unde
620 3143 745 3210 difficile
761 3143 888 3213 videtur
901 3167 952 3210 eas
966 3143 1006 3208 ad
1018 3167 1132 3232 genera
1145 3167 1199 3210 re-

239 3257 327 3326 ferre
341 3260 518 3326 secundum
533 3261 730 3326 characteres
743 3260 996 3329 fructificationis
1006 3265 1197 3350 constituta,

244 3388 387 3445 attamen
400 3380 522 3445 nodum
534 3379 764 3470 expediturus,
785 3382 907 3450 clarem
919 3381 1111 3470 analyticam
1127 3408 1198 3474 spe-

246 3497 368 3564 cierum
383 3498 423 3564 ad
434 3519 583 3564 normam
595 3495 750 3564 Candollii
761 3508 793 3562 et
806 3496 944 3598 Hockeri
954 3502 1124 3589 proposui,
1137 3505 1199 3590 qual

242 3609 335 3679 facile
359 3615 475 3704 species
503 3616 543 3680 ad
567 3635 679 3700 genera
705 3639 761 3682 sue
785 3613 976 3683 referentur.

297 3733 429 3818 Restat,
453 3734 561 3802 animo
586 3746 697 3822 grato,
717 3735 756 3800 cl.
771 3735 954 3807 Hockerum
965 3744 1202 3834 monogrephiae
