2810 4864
692 432 711 491 6

128 587 130 592 “
210 569 372 638 Esenbeok
400 565 564 657 llopatioas
586 566 750 636 lavanicas
765 567 781 632 ἐι
797 565 1016 632 Reinwurdtio
1043 577 1072 628 et
1097 563 1176 628 Blu-

210 689 277 754 mio
298 664 687 774 allatss'descriptionibus
704 681 871 750 illustravit
886 679 956 770 3Cl.
972 679 1126 770 Sprengel
1144 681 1179 743 in

210 816 383 894 systemate
398 804 640 889 vegetabilium,
657 803 820 893 Hepaticas
844 803 940 868 totius
965 795 1060 866 Orbis
1075 821 1173 864 oom-

210 920 358 1009 pendiosd
379 919 562 1011 descripsit3
587 918 636 988 Cl.
659 919 862 1012 Lindenberg
880 917 1038 1010 synopsin
1061 915 1172 1006 Heps-

210 1041 348 1106 ticarum
357 1039 589 1130 Europaearum
601 1029 781 1105 numerosis
793 1037 1063 1106 observationibus
1077 1040 1172 1104 illus-

210 1169 330 1224 tratam
346 1159 500 1249 praebuit,
525 1157 852 1243 lungermannisrum
864 1158 1042 1225 vastissimo
1059 1177 1172 1242 genere

209 1275 249 1339 de
280 1274 405 1358 integro
419 1327 421 1332 .
435 1283 606 1340 asservato.
637 1270 832 1362 Nuperrimel
856 1285 964 1339 autem
987 1269 1024 1338 ol.
1044 1269 1172 1360 Corda,

208 1391 243 1455 in
254 1389 491 1457 undevicesimo
501 1386 651 1457 fasciculo
661 1391 844 1480 plantarum
860 1391 1173 1481 cryptogamicarum

209 1504 388 1572 Germaniae
419 1506 551 1574 Domini
585 1503 730 1593 Sturm,
772 1529 887 1592 genera
917 1508 1055 1596 plurima
1079 1531 1098 1574 a
1123 1530 1179 1574 ms

207 1625 306 1712 longo
330 1624 445 1690 abhinc
477 1635 623 1716 tempore
648 1626 847 1709 constituta,
873 1624 964 1691 novis
988 1623 1179 1689 donomina-

207 1740 346 1807 tionibus
358 1741 519 1808 indicavit.
540 1739 622 1824 Quae
649 1763 726 1806 oum
750 1738 794 1805 ita
814 1739 897 1825 sint,
921 1749 956 1803 ut
974 1737 1176 1828 prioritatem
1235 1730 1243 1744 ⁸

208 1856 311 1946 operis
325 1877 468 1941 servem,
488 1876 626 1945 praesens
640 1855 835 1944 opusculum
846 1853 935 1940 quasi
958 1854 1174 1943 prodromum

206 1971 336 2062 majoris
368 1969 469 2061 operis
492 1969 580 2057 quod
609 1991 689 2034 mox
717 1971 752 2034 in
788 1969 894 2035 lucem
928 1968 1021 2034 edero
1053 1969 1170 2059 cupio,

207 2087 437 2177 publicandum
458 2088 580 2152 censui.

251 2206 290 2269 ln
328 2205 651 2270 commentationibus
693 2204 771 2268 meis
813 2202 1006 2286 botaniois,
1054 2223 1171 2288 genera

205 2322 392 2410 plantarum
431 2318 742 2407 cryptogsmicarum
755 2359 758 2368 ‚
771 2316 806 2381 in
837 2311 973 2382 familias
1007 2319 1169 2388 naturales

206 2434 408 2525 dispertiens,
419 2431 647 2524 Hepatioarum
659 2432 826 2501 cohortem
839 2432 874 2496 in
888 2429 1020 2498 familias
1030 2433 1172 2524 quinque

206 2548 371 2637 distribui,
395 2570 489 2636 quas,
510 2547 536 2616 si
548 2546 704 2618 familiam
724 2549 883 2640 integram
907 2551 1172 2636 servaremus,

205 2690 266 2759 pro
285 2667 418 2736 totidem
440 2664 587 2734 tribubus
610 2665 726 2736 habero
749 2677 849 2762 potes.
873 2645 929 2734 Hae
953 2677 1062 2736 autem
1089 2667 1171 2736 divi·

206 2787 310 2852 siones
335 2796 502 2872 sequentes
527 2795 603 2854 sunt
629 2805 637 2852 :

254 2929 284 2972 ι.
309 2904 639 2970 tnnosausuurnnn
671 2901 824 2970 :Fruotu
861 2901 1004 2972 solitario
1032 2897 1168 2998 quadri-

205 3020 322 3115 partito
332 3021 382 3088 vel
395 3020 593 3108 quadrivalvi
602 3066 613 3106 ,
622 3021 862 3110 deoperouleto‚
876 3022 1028 3091 columml
1036 3027 1171 3094 neutrali

206 3142 388 3219 destituto,
418 3138 590 3224 seminibus
625 3139 854 3230 eleteribusquo
885 3143 1092 3214 intermixtis.
1127 3181 1170 3194 -

205 3261 332 3332 Plantae.
346 3262 513 3350 saepissime
538 3259 659 3330 foliosae
682 3262 845 3332 interdbm
866 3259 1027 3330 frondosos
1043 3259 1167 3352 ,Spha-

208 3378 326 3464 guideis
346 3379 544 3447 Andraeaceis
564 3402 623 3467 que
649 3378 696 3469 (l‘)
720 3380 840 3448 affines.
869 3417 912 3430 -
928 3379 1062 3446 Genera
1084 3375 1168 3440 lun-

208 3495 393 3578 germannia
413 3508 446 3560 et
470 3495 568 3562 Blasio
592 3497 713 3580 Linnei.
859 3579 866 3592 ·

241 3757 277 3828 (1)
295 3723 464 3826 sensisses,
477 3757 578 3812 eoum.
592 3760 645 3812 sot.
659 3777 685 3829 p.
698 3758 742 3811 ss.
